@book{NielsenChuang,
    author = {M. Nielsen and I. Chuang},
    place = {Cambridge},
    title = {Quantum Computation and Quantum Information: 10th Anniversary Edition},
    publisher = {Cambridge University Press},
    year = {2010}
}

@article{Shor1995,
    author = {Shor, P.},
    issue = {5},
    journal = {SIAM Journal on Computing},
    pages = {1484-1509},
    publisher = {Society for Industrial and Applied Mathematics Publications},
    title = {Polynomial-Time Algorithms for Prime Factorization and Discrete Logarithms on a Quantum Computer},
    volume = {26},
    year = {1995},
}

@book{LaPierre2021,
    author = {LaPierre, R.},
    publisher = {Springer International Publishing},
    title = {Introduction to Quantum Computing},
    year = {2021},
}

@book{hundt,
    author = {Hundt, R.},
    publisher = {Cambridge University Press},
    title = {Quantum computing for programmers},
    year = {2022},
}

@article{diracBraket,
    author = {Dirac, P.},
    title = {A new notation for quantum mechanics},
    journal = {Mathematical Proceedings of the Cambridge Philosophical Society},
    year = {1939},
    volume = {35},
    pages = {416-418},
    issue = {3},
}

@book{Hall2013,
    author = {Hall, B.},
    publisher = {Springer New York},
    title = {Quantum Theory for Mathematicians},
    volume = {267},
    year = {2013},
}

@article{Feyman,
    author = {Feynman, R.},
    title = {Simulating Physics with Computers},
    journal = {Int. J. Theor. Physics},
    year = {1982},
    volume = {21},
    pages = {467-488},
}

@article{Deutsch1,
    author = {Deutsch, D.},
    title = {Quantum theory, the Church-Turing principle and the universal quantum computer},
    journal = {Royal Society (London), Proceedings, Series A - Mathematical and Physical Sciences},
    year = {1985},
    volume = {400},
    pages = {97-117},
}

@article{qaoa,
    author = {Farhi and Goldstone and Gutmann},
    year = {2014},
    title = {A Quantum Approximate Optimization Algorithm},
    journal = {arXiv:1411.4028},
}

@article{adiabatico,
    author = {Born and Fock},
    title = {Beweis des Adiabatensatzes},
    journal = {Z. Physik},
    year = {1928},
    pages = {51: 165-180},
}

@article{Trotter,
    author = {Trotter},
    title = {On the product of semi-groups of operators},
    journal = {Proceedings of the American Mathematical Society},
    year = {1959},
    volume = {10 (4)},
}

@article{traffic,
    author = {Hussain and Javaid and Khan and F.S},
    title = {Optimal control of traffic signals using quantum annealing},
    journal = {Quantum Inf Process},
    year = {2020},
    volume = {19, 312},
}

@article{gps,
    author = {Gonzalez-Bermejo and Alonso-Linaje and Atchade-Adelomou},
    title = {GPS: A New TSP Formulation for Its Generalizations Type QUBO},
    journal = {Mathematics},
    year = {2022},
    volume = {10 3: 416},
}

@article{cobyla,
    author = {Powell},
    title = {A view of algorithms for optimization without derivatives},
    journal = {Mathematics Today-Bulletin of the Institute of Mathematics and its Applications},
    year = {2007},
    volume = {43. 5},
}

@article{preskill,
    author = {Preskill},
    title = {Quantum computing in the NISQ era and beyond},
    journal = {Quantum},
    year = {2018},
    volume = {2:79},
}

@article{wittek,
    author = {Wittek},
    title = {Quantum machine learning: what quantum computing means to data mining},
    journal = {Academic Press},
    year = {2014},
}

@article{Gilyen,
    author = {Gilyén and Arunachalam and Wiebe},
    title = {Optimizing quantum optimization algorithms via faster quantum gradient computation},
    journal = {In Proceedings of the Thirtieth Annual ACM-SIAM Symposium on Discrete Algorithms. Society for Industrial and Applied Mathematics},
    year = {2019},
}

@article{rebentrost,
    author = {Rebentrost and Schuld and Wossnig and Petruccione and Lloyd},
    title = {Quantum gradient descent and Newton’s method for constrained polynomial optimization},
    journal = {New Journal of Physics},
    year = {2019},
}

@article{QUBO,
    author = {Glover and Kochenberger and Hennig and Du},
    title = {Quantum bridge analytics I: a tutorial on formulating and using QUBO models},
    journal = {Annals of Operations Research},
    year = {2022},
}

@article{ISING,
    author = {Lucas},
    title = {Ising formulations of many NP problems},
    journal = {Frontiers in Physics},
    year = {2013},
}

@book{eisberg,
    author = {Eisberg, R.},
    title = {Física cuántica},
    date = {2022},
    publisher = {Editorial Limusa S.A.},
}

@article{annealing,
    author = {Erica and Travis},
    title = {Adiabatic Quantum Computing and Quantum Annealing},
    journal = {Oxford University Press},
    year = {2020},
}

@www{whatannealing,
    author = {D-Wave},
    title = {What is Quantum Annealing?},
    date = {2023},
    url = {https://docs.dwavesys.com/docs/latest/c_gs_2.html},
}

@book{shankar,
    author = {Shankar},
    title = {Principles of Quantum Mechanics},
    date = {1980},
    publisher = {Springer},
}

@thesis{atchade,
    author = {Atchadé},
    title = {Quantum algorithms for solving hard constrained optimization problems},
    type = {type},
    institution = {Universitat Ramón Llull},
    date = {2020},
}

@article{mcgeoch,
    author = {McGeoch},
    title = {Adiabatic quantum computation and quantum annealing: Theory and practice},
    journal = {Synthesis Lectures on Quantum Computing},
    year = {2014},
}

@article{peruzzo,
    author = {Peruzzo, A. and McClean, J. and Shadbolt, P. and Yung, M. and Zhou, X. and Love, P. and Aspuru-Guzik, A. and O’Brien, J.},
    title = {A variational eigenvalue solver on a photonic quantum processor},
    journal = {Nature Communications},
    year = {2014},
}

@article{tilly,
    author = {Tilly and Chen and Cao and Picozzi and Setia and Li and Grant and Wossnig and Rungger and Booth and Tennyson},
    title = {The Variational Quantum Eigensolver: A review of methods and best practices},
    journal = {Physics Reports},
    year = {2022},
}

@misc{qiskit,
    author = {{Qiskit contributors}},
    title = {Qiskit: An Open-source Framework for Quantum Computing},
    year = {2023},
    doi = {10.5281/zenodo.2573505}
}

@article{cnot,
    author = {A. Barenco and C. H. Bennett and R. Cleve and D. P. DiVincenzo and N. Margolus and P. Shor and L. Sleator and J. A. Smolin and H. Weinfurter},
    title = {Elementary gates for quantum computation},
    journal = {Physical Review A},
    year = {1995},
    volume = {52},
    number = {5},
}

@article{cnot-finito,
    author = {P. Boykin and T. Mor and M. Pulver and V. Roychowdhury and F. Vatan},
    title = {On universal and fault-tolerant quantum computing: a novel basis and a new constructive proof of universality for shor's basis},
    journal = {Foundations of Computer Science},
    year = {1999},
}

@book{dancing,
    author = {Sutorm, R.},
    title = {Dancing with Qubits: How quantum computing works and how it can change the world},
    date = {2019},
    publisher = {Packt Publishing},
}

@phdthesis{vaquero2022simulating,
    title = {Simulating molecules with variational quantum eigensolvers},
    author = {Vaquero, N.},
    year = {2022},
    school = {Universidad de Valladolid. Facultad de CienciasAutoridad},
}

@software{qcircuit,
    title = {Q-circuit. A quantum circuit drawing application},
    author = {Flammia, S. and Eastin, B.},
    date = {2023},
    url = {http://github.com/CQuIC/qcircuit/},
}

@software{quantikz,
    title = {quantikz. Draw quantum circuit diagrams},
    author = {Kay, A.},
    date = {2023},
    url = {https://ctan.org/pkg/quantikz},
}

@book{qm1,
    author = {Cohen-Tannoudji, C. and Diu, B. and Laloe, F.},
    title = {Quantum Mechanics},
    date = {1991},
    publisher = {Wiley-Vch},
    volume = {1},
}

@book{algebra-basica,
    author = {Simón, J. and Río, A. and Valle, A.},
    title = {Álgebra básica},
    date = {2006},
    publisher = {Diego Marín},
}

@book{mca,
    author = {Kok, P.},
    title = {Avanced quantum mechanics},
    date = {2015},
    publisher = {Univeristy of Shheffield},
}

@book{pamp,
    author = {Richtmyer, R.},
    title = {Principles of advanced mathematical physics},
    date = {1978},
    publisher = {Springer-Verlag},
}

@www{equiv-original,
    author = {Fernández, E.},
    title = {Computación cuántica: un pequeño paso para una partícula, un gran paso para la humanidad},
    date = {2019},
    url = {https://yungranpasoparalahumanidad.blogspot.com/2019/02/computacion-cuantica-elias-fernandez.html},
}

@article{grover,
    author = {Grover, L.},
    title = {A fast quantum mechanical algorithm for database search},
    journal = {Proceedings, 28th Annual ACM Symposium on the Theory of Computing},
    year = {1996},
}

@article{gerdt,
    author = {Gerdt, V. P. and Kragler, R. and Prokopenya, A. N.},
    title = {A Mathematica program for constructing quantum circuits and computing their unitary matrices},
    journal = {Physics of Particles and Nuclei Letters},
    volume = {6},
    number = {7},
    pages = {526-529},
    year = {2009}
}


@article{Hutsell,author = {Hutsell, S. R. and Greenwood, G. W.},year = {2009},title = {Efficient algebraic representation of quantum circuits},journal = {Journal of Discrete Mathematical Sciences and Cryptography},volume = {12},number = {4},pages = {429-449}, }

@article{doi:10.1098/rsta.2019.0161,
    author = {Soeken, Mathias and Meuli, Giulia and Schmitt, Bruno and Mozafari, Fereshte and Riener, Heinz and De Micheli, Giovanni },
    title = {Boolean satisfiability in quantum compilation},
    journal = {Philosophical Transactions of the Royal Society A: Mathematical, Physical and Engineering Sciences},
    volume = {378},
    number = {2164},
    pages = {20190161},
    year = {2020},
    doi = {10.1098/rsta.2019.0161},
    URL = {https://royalsocietypublishing.org/doi/abs/10.1098/rsta.2019.0161},
    eprint = {https://royalsocietypublishing.org/doi/pdf/10.1098/rsta.2019.0161}

}

@article{Staton,author = {Staton, S.},year = {2015},title = {Algebraic effects, linearity, and quantum programming languages},journal = {ACM SIGPLAN Notices},volume = {50},number = {1},pages = {395-406}, }

@article{Wang19,author = {Wang, Y.},year = {2019},title = {Probabilistic Process Algebra to Unifying Quantum and Classical Computing in Closed Systems},journal = {International Journal of Theoretical Physics},volume = {58},pages = {436-3509}, }

@article{Wang21,author = {Wang, Q. and Li, R. and Ying, M.},year = {2021},title = {Equivalence checking of sequential quantum circuits},journal = {IEEE Transactions on Computer-Aided Design of Integrated Circuits and Systems},volume = {41},number = {9},pages = {3143-3156}, }

@article{Ying,author = {Ying, M. and Feng, Y.},year = {2009},title = {An algebraic language for distributed quantum computing},journal = {IEEE Transactions on Computers},volume = {58},number = {6},pages = {728-743}, }

@article{Feynman1984QuantumMC,
    title={Quantum mechanical computers},
    author={Richard Phillips Feynman},
    journal={Foundations of Physics},
    year={1984},
    volume={16},
    pages={507-531},
    url={https://api.semanticscholar.org/CorpusID:121736387}
}

@article{Deutsch1989,
    ISSN = {00804630},
    URL = {http://www.jstor.org/stable/2398494},
    abstract = {The theory of quantum computational networks is the quantum generalization of the theory of logic circuits used in classical computing machines. Quantum gates are the generalization of classical logic gates. A single type of gate, the univeral quantum gate, together with quantum 'unit wires', is adequate for constructing networks with any possible quantum computational property.},
    author = {D. Deutsch},
    journal = {Proceedings of the Royal Society of London. Series A, Mathematical and Physical Sciences},
    number = {1868},
    pages = {73--90},
    publisher = {The Royal Society},
    title = {Quantum Computational Networks},
    urldate = {2023-11-05},
    volume = {425},
    year = {1989}
}

@article{Deutsch1985,
    author = {D. Deutsch},
    journal = {Proceedings of the Royal Society of London. Series A, Mathematical and Physical Sciences},
    number = {400},
    publisher = {The Royal Society},
    title = {Quantum theory, the Church-Turing principle and the universal quantum computer},
    volume = {97},
    year = {1985}
}

@article{reina2024ix,
    title={Optimización de circuitos cuánticos para la implementación de criptologı́a cuántica},
    author={Jorge, Garcia-Diaz and Francisco, Costa-Cano and Pino, Caballero-Gil and Daniel, Escanez-Exposito},
    journal = {IX Jornadas Nacionales de Investigaci{\'o}n en Ciberseguridad},
    pages = {390-395},
    year={2024}
}