@article{Deutsch,
author = {Deutsch, David Elieser  and Penrose, Roger },
title = {Quantum computational networks},
journal = {Proceedings of the Royal Society of London. A. Mathematical and Physical Sciences},
volume = {425},
number = {1868},
pages = {73-90},
year = {1989},
doi = {10.1098/rspa.1989.0099}}

@article{Shor,
   title={Polynomial-Time Algorithms for Prime Factorization and Discrete Logarithms on a Quantum Computer},
   volume={26},
   ISSN={1095-7111},
   DOI={10.1137/s0097539795293172},
   number={5},
   journal={SIAM Journal on Computing},
   publisher={Society for Industrial & Applied Mathematics (SIAM)},
   author={Shor, Peter W.},
   year={1997}, 
   pages={1484–1509} }

@book{GNFS_book, 
title={Prime Numbers: A Computational Perspective (2001)}, 
publisher={Springer}, 
author={Richard Crandall and Carl Pomerance}, 
year={2001}}

@book{Nielsen_Chuang, place={Cambridge}, 
title={Quantum Computation and Quantum Information: 10th Anniversary Edition}, 
publisher={Cambridge University Press}, 
author={Nielsen, Michael A. and Chuang, Isaac L.}, 
year={2010}}

@article{Shor_PD,
author = {Vlatko Marchan-Sekulic and Pino Caballero-Gil and Daniel Escanez-Exposito},
title = {Implementación de los Algoritmos Cuánticos de Simon y de Shor},
journal = {Actas de las VIII Jornadas Nacionales de Investigación en Ciberseguridad},
pages = {409-414},
year = {2023}}

@article{Shor_21,
   title={Demonstration of Shor’s factoring algorithm for ${N} = 21$ on IBM quantum processors},
   volume={11},
   ISSN={2045-2322},
   DOI={10.1038/s41598-021-95973-w},
   number={1},
   journal={Scientific Reports},
   publisher={Springer Science and Business Media LLC},
   author={Skosana, Unathi and Tame, Mark},
   year={2021}}

@misc{quantikz,
      title={Tutorial on the Quantikz Package}, 
      author={Alastair Kay},
      year={2023},
      eprint={1809.03842},
      archivePrefix={arXiv},
      primaryClass={quant-ph}}

@article{BB84,
author = {Bennett, Charles and Brassard, Gilles},
year = {1984},
pages = {10-12},
title = {Quantum cryptography: Public key distribution and coin tossing},
journal = {Proceedings of the IEEE International Conference on Computers, Systems and Signal Processing}
}
 
@article{BB2014,
author = {Bennett, Charles and Brassard, Gilles},
year = {2014},
pages = {7-11},
title = {Quantum cryptography: Public key distribution and coin tossing},
volume = {560},
journal = {Theoretical Computer Science - TCS},
doi = {10.1016/j.tcs.2011.08.039}
}

@article{E91,
  title = {Quantum cryptography based on {B}ell's theorem},
  author = {Ekert, Artur K.},
  journal = {Physical review letters},
  volume = {67},
  issue = {6},
  pages = {661--663},
  numpages = {0},
  year = {1991},
  publisher = {American Physical Society},
  doi = {10.1103/PhysRevLett.67.661}
}

@article{RSA,
author = {Rivest, R. L. and Shamir, A. and Adleman, L.},
title = {A method for obtaining digital signatures and public-key cryptosystems},
year = {1978},
publisher = {Association for Computing Machinery},
address = {New York, NY, USA},
volume = {21},
number = {2},
issn = {0001-0782},
doi = {10.1145/359340.359342},
journal = {Communications of the ACM},
pages = {120–126},
numpages = {7},
}

@article{Deutsch-Jozsa,
author = {Deutsch, David  and Jozsa, Richard },
title = {Rapid solution of problems by quantum computation},
journal = {Proceedings of the Royal Society of London. Series A: Mathematical and Physical Sciences},
volume = {439},
number = {1907},
pages = {553-558},
year = {1992},
doi = {10.1098/rspa.1992.0167},
}

@inproceedings{GNFS,
  title={The number field sieve},
  author={Lenstra, Arjen K and Lenstra Jr, Hendrik W and Manasse, Mark S and Pollard, John M},
  booktitle={Proceedings of the twenty-second annual ACM symposium on Theory of computing},
  pages={564--572},
  year={1990}
}


@article{teleportation,
author = {Bennett, Charles and Brassard, Gilles and Crépeau, Claude and Jozsa, Richard and Peres, Asher and Wootters, William},
year = {1993},
month = {04},
pages = {1895-1899},
title = {Teleporting an unknown quantum state via dual classical and Einstein-Podolsky-Rosen channels},
volume = {70},
journal = {Physical review letters},
doi = {10.1103/PhysRevLett.70.1895}
}

@misc{IBM_hardware,
title={Quantum Hardware},
journal={IBM Research},
author={IBM},
year={2021},
note={\url{https://research.ibm.com/topics/quantum-hardware} [Accessed: 17-03-2024]}} 

@article{error_correction,
  author={Google-Quantum-AI},
  title={Suppressing quantum errors by scaling a surface code logical qubit},
  journal={Nature},
  volume={614},
  number={7949},
  pages={676--681},
  year={2023},
  publisher={Nature Publishing Group UK London}
 }

@misc{attack_RSA,
author = {Singh, Siyon and Sakk, Eric},
year = {2024},
title = {Implementation and Analysis of Shor's Algorithm to Break RSA Cryptosystem Security},
doi = {10.36227/techrxiv.170259160.05374043/v2},
note={\url{https://www.techrxiv.org/doi/pdf/10.36227/techrxiv.170259160.05374043}[Accessed: 22-03-2024]}}

@misc{schnorr,
      author = {Claus Peter Schnorr},
      title = {Fast Factoring Integers by SVP Algorithms, corrected},
      howpublished = {Cryptology ePrint Archive, Paper 2021/933},
      year = {2021},
      url = {https://eprint.iacr.org/2021/933}
}

@article{integer-factoring,
  title={Factoring integers with sublinear resources on a superconducting quantum processor},
  author={Yan, Bao and Tan, Ziqi and Wei, Shijie and Jiang, Haocong and Wang, Weilong and Wang, Hong and Luo, Lan and Duan, Qianheng and Liu, Yiting and Shi, Wenhao and others},
  journal={arXiv preprint arXiv:2212.12372},
  year={2022}
}
