@misc{lagariasAnnotatedBibliography1,
      title={The 3x+1 problem: An annotated bibliography (1963--1999) (sorted by author)}, 
      author={Jeffrey C. Lagarias},
      year={2011},
      eprint={math/0309224},
      archivePrefix={arXiv},
      primaryClass={math.NT}
}

@misc{lagariasAnnotatedBibliography2,
      title={The 3x+1 Problem: An Annotated Bibliography, II (2000-2009)}, 
      author={Jeffrey C. Lagarias},
      year={2012},
      eprint={math/0608208},
      archivePrefix={arXiv},
      primaryClass={math.NT}
}

@article{Lagarias1990,
author = {Lagarias, Jeffrey},
journal = {Acta Arithmetica},
keywords = { problem; Collatz function; primitive cycles; rational cycles},
language = {eng},
number = {1},
pages = {33-53},
title = {The set of rational cycles for the 3x+1 problem},
url = {http://eudml.org/doc/206298},
volume = {56},
year = {1990},
}


@misc{LowerBoundsStoppingTime,
      title={Lower bounds for the total stopping time of 3X+1 iterates}, 
      author={David Applegate and Jeffrey C. Lagarias},
      year={2001},
      eprint={math/0103054},
      archivePrefix={arXiv},
      primaryClass={math.NT}
}


@article{LowerBoundsCycleLength,
title = {The 3x+1 problem: new lower bounds on nontrivial cycle lengths},
journal = {Discrete Mathematics},
volume = {118},
number = {1},
pages = {45-56},
year = {1993},
issn = {0012-365X},
doi = {https://doi.org/10.1016/0012-365X(93)90052-U},
url = {https://www.sciencedirect.com/science/article/pii/0012365X9390052U},
author = {Shalom Eliahou},
abstract = {Let T:N â†’ N be the function defined by T(n)=n2 if n is even, T(n)=(3n+1)2 if n is odd. We show, among other things, that any nontrivial cyclic orbit under iteration of T must contain at least 17087915 elements.}
}


@article{Tao_2022, title={Almost all orbits of the Collatz map attain almost bounded values}, volume={10}, DOI={10.1017/fmp.2022.8}, journal={Forum of Mathematics, Pi}, author={Tao, Terence}, year={2022}, pages={e12}} <div></div>


@misc{hercher2023collatzmcycles,
      title={There are no Collatz-m-Cycles with $m\leq 91$}, 
      author={Christian Hercher},
      year={2023},
      eprint={2201.00406},
      archivePrefix={arXiv},
      primaryClass={math.NT}
}


@Article{Barina2021,
author={Barina, David},
title={Convergence verification of the Collatz problem},
journal={The Journal of Supercomputing},
year={2021},
month={Mar},
day={01},
volume={77},
number={3},
pages={2681-2688},
abstract={This article presents a new algorithmic approach for computational convergence verification of the Collatz problem. The main contribution of the paper is the replacement of huge precomputed tables containing {\$}{\$}O(2^N){\$}{\$}entries with small lookup tables comprising just O(N) elements. Our single-threaded CPU implementation can verify {\$}{\$}4.2 {\backslash}times 10^9{\$}{\$}128-bit numbers per second on Intel Xeon Gold 5218 CPU computer, and our parallel OpenCL implementation reaches the speed of {\$}{\$}2.2 {\backslash}times 10^{\{}11{\}}{\$}{\$}128-bit numbers per second on NVIDIA GeForce RTX 2080. Besides the convergence verification, our program also checks for path records during the convergence test.},
issn={1573-0484},
doi={10.1007/s11227-020-03368-x},
url={https://doi.org/10.1007/s11227-020-03368-x}
}
