@article{gerdt,
    author = {Gerdt, V. P. and Kragler, R. and Prokopenya, A. N.},
    title = {A Mathematica program for constructing quantum circuits and computing their unitary matrices},
    journal = {Physics of Particles and Nuclei Letters},
    volume = {6},
    number = {7},
    pages = {526-529},
    year = {2009}
}


@article{Hutsell,author = {Hutsell, S. R. and Greenwood, G. W.},year = {2009},title = {Efficient algebraic representation of quantum circuits},journal = {Journal of Discrete Mathematical Sciences and Cryptography},volume = {12},number = {4},pages = {429-449}, }

@article{doi:10.1098/rsta.2019.0161,
    author = {Soeken, Mathias and Meuli, Giulia and Schmitt, Bruno and Mozafari, Fereshte and Riener, Heinz and De Micheli, Giovanni },
    title = {Boolean satisfiability in quantum compilation},
    journal = {Philosophical Transactions of the Royal Society A: Mathematical, Physical and Engineering Sciences},
    volume = {378},
    number = {2164},
    pages = {20190161},
    year = {2020},
    doi = {10.1098/rsta.2019.0161},
    URL = {https://royalsocietypublishing.org/doi/abs/10.1098/rsta.2019.0161},
    eprint = {https://royalsocietypublishing.org/doi/pdf/10.1098/rsta.2019.0161}

}

@article{Staton,author = {Staton, S.},year = {2015},title = {Algebraic effects, linearity, and quantum programming languages},journal = {ACM SIGPLAN Notices},volume = {50},number = {1},pages = {395-406}, }

@article{Wang19,author = {Wang, Y.},year = {2019},title = {Probabilistic Process Algebra to Unifying Quantum and Classical Computing in Closed Systems},journal = {International Journal of Theoretical Physics},volume = {58},pages = {436-3509}, }

@article{Wang21,author = {Wang, Q. and Li, R. and Ying, M.},year = {2021},title = {Equivalence checking of sequential quantum circuits},journal = {IEEE Transactions on Computer-Aided Design of Integrated Circuits and Systems},volume = {41},number = {9},pages = {3143-3156}, }

@article{Ying,author = {Ying, M. and Feng, Y.},year = {2009},title = {An algebraic language for distributed quantum computing},journal = {IEEE Transactions on Computers},volume = {58},number = {6},pages = {728-743}, }

@article{diracBraket,
    author = {Dirac, P.},
    title = {A new notation for quantum mechanics},
    journal = {Mathematical Proceedings of the Cambridge Philosophical Society},
    year = {1939},
    volume = {35},
    pages = {416-418},
    issue = {3},
}

@article{Feynman1984QuantumMC,
    title={Quantum mechanical computers},
    author={Richard Phillips Feynman},
    journal={Foundations of Physics},
    year={1984},
    volume={16},
    pages={507-531},
    url={https://api.semanticscholar.org/CorpusID:121736387}
}

@article{Deutsch1989,
    ISSN = {00804630},
    URL = {http://www.jstor.org/stable/2398494},
    abstract = {The theory of quantum computational networks is the quantum generalization of the theory of logic circuits used in classical computing machines. Quantum gates are the generalization of classical logic gates. A single type of gate, the univeral quantum gate, together with quantum 'unit wires', is adequate for constructing networks with any possible quantum computational property.},
    author = {D. Deutsch},
    journal = {Proceedings of the Royal Society of London. Series A, Mathematical and Physical Sciences},
    number = {1868},
    pages = {73--90},
    publisher = {The Royal Society},
    title = {Quantum Computational Networks},
    urldate = {2023-11-05},
    volume = {425},
    year = {1989}
}

@misc{Qiskit, url={https://qiskit.org/}, journal={Qiskit}, author={IBM Research}, note={Accessed: 2023-11-13}, year={2023}}

@misc{Pennylane, url={https://pennylane.ai/}, journal={Pennylane}, author={Xanadu}, note={Accessed: 2023-11-13}, year={2023}}

@misc{QSharp, url={https://learn.microsoft.com/en-us/azure/quantum/user-guide/}, journal={Q Sharp}, author={Microsoft}, note={Accessed: 2023-11-13}, year={2023}}

@misc{Braket, url={https://aws.amazon.com/braket/}, journal={Braket}, author={Amazon}, note={Accessed: 2023-11-13}, year={2023}}

@misc{Cirq, url={https://quantumai.google/cirq}, journal={Cirq}, author={Google Inc.}, note={Accessed: 2023-11-13}, year={2023}}

@book{Gimeno-Segovia_Harrigan_Johnston_2019, place={Beijing}, title={Programming Quantum Computers: Essential Algorithms and Code Samples}, publisher={O’Reilly Media, Inc.}, author={Johnston, Eric and Harrigan, Nic and Gimeno-Segovia, Mercedes}, year={2019}} 

@book{Nielsen_Chuang_2010, place={Cambridge}, title={Quantum Computation and Quantum Information}, publisher={Cambridge University Press}, author={Nielsen, Michael A. and Chuang, Isaac L.}, year={2010}} 

@misc{dj_qiskit, title={Deutsch-Jozsa algorithm}, url={https://qiskit.org/documentation/stable/0.24/tutorials/algorithms/09_textbook_algorithms.html#Deutsch-Jozsa-algorithm}, journal={Textbook and Shor’s algorithms - Qiskit 0.24.1 documentation}, author={IBM Research}, year={2023}} 

@misc{qiskit_transpiler, title={Transpiler (qiskit.transpiler)}, url={https://qiskit.org/documentation/apidoc/transpiler.html}, journal={Transpiler (qiskit.transpiler) - Qiskit 0.45.0 documentation}, author={IBM Research}, year={2023}, month={Nov}} 
